<collection xmlns="http://www.loc.gov/MARC21/slim">
<record>
  <leader>01016nam0a2200253 i 450 </leader>
  <controlfield tag="001">IT\ICCU\CNCE\006802</controlfield>
  <controlfield tag="005">19970101000000.0</controlfield>
  <datafield tag="012" ind1=" " ind2=" ">
    <subfield code="a">;&amp;in isI. t.at tetu (C) 1586 (R)</subfield>
    <subfield code="2">fei</subfield>
  </datafield>
  <datafield tag="100" ind1=" " ind2=" ">
    <subfield code="a">19970101d1586        0itac0103    ba</subfield>
  </datafield>
  <datafield tag="101" ind1=" " ind2=" ">
    <subfield code="a">LAT</subfield>
  </datafield>
  <datafield tag="102" ind1=" " ind2=" ">
    <subfield code="a">IT</subfield>
  </datafield>
  <datafield tag="200" ind1="1" ind2=" ">
    <subfield code="a">Sententiae philosophicae ex vniuersa peripatetica philosophia desumptae</subfield>
  </datafield>
  <datafield tag="210" ind1=" " ind2=" ">
    <subfield code="a">Mediolani</subfield>
    <subfield code="c">apud Iacobum Piccaiam</subfield>
    <subfield code="d">1586</subfield>
  </datafield>
  <datafield tag="215" ind1=" " ind2=" ">
    <subfield code="a">\16! c.</subfield>
    <subfield code="d">4ʻ</subfield>
  </datafield>
  <datafield tag="620" ind1=" " ind2=" ">
    <subfield code="a">IT</subfield>
    <subfield code="d">Milano</subfield>
  </datafield>
  <datafield tag="700" ind1=" " ind2="1">
    <subfield code="a">Bompani,</subfield>
    <subfield code="b">Gabriele</subfield>
    <subfield code="3">IT\ICCU\CNCA\001820</subfield>
  </datafield>
  <datafield tag="712" ind1="0" ind2="0">
    <subfield code="a">Piccaglia, Giacomo</subfield>
    <subfield code="3">IT\ICCU\CNCT\000413</subfield>
    <subfield code="4">650</subfield>
  </datafield>
  <datafield tag="791" ind1="0" ind2="0">
    <subfield code="a">Picalea, Iacobus</subfield>
    <subfield code="3">IT\ICCU\CNCT\002508</subfield>
    <subfield code="z">Piccaglia, Giacomo</subfield>
  </datafield>
  <datafield tag="791" ind1="0" ind2="0">
    <subfield code="a">Piccaia, Giacomo</subfield>
    <subfield code="3">IT\ICCU\CNCT\002509</subfield>
    <subfield code="z">Piccaglia, Giacomo</subfield>
  </datafield>
  <datafield tag="791" ind1="0" ind2="0">
    <subfield code="a">Picaglia, Giacomo</subfield>
    <subfield code="3">IT\ICCU\CNCT\005418</subfield>
    <subfield code="z">Piccaglia, Giacomo</subfield>
  </datafield>
  <datafield tag="791" ind1="0" ind2="0">
    <subfield code="a">Piccaius, Iacobus</subfield>
    <subfield code="3">IT\ICCU\CNCT\005419</subfield>
    <subfield code="z">Piccaglia, Giacomo</subfield>
  </datafield>
  <datafield tag="791" ind1="0" ind2="0">
    <subfield code="a">Piccalia, Iacobus</subfield>
    <subfield code="3">IT\ICCU\CNCT\005420</subfield>
    <subfield code="z">Piccaglia, Giacomo</subfield>
  </datafield>
  <datafield tag="801" ind1=" " ind2="3">
    <subfield code="a">IT</subfield>
    <subfield code="b">ICCU</subfield>
    <subfield code="c">20201113</subfield>
  </datafield>
  <datafield tag="899" ind1=" " ind2=" ">
    <subfield code="a">Biblioteca statale. Cremona</subfield>
    <subfield code="1">CR0062</subfield>
    <subfield code="2">LO1 28</subfield>
  </datafield>
</record>
</collection>
